@article{Xing2019,
  doi = {10.1021/acs.macromol.8b01948},
  url = {https://doi.org/10.1021/acs.macromol.8b01948},
  year = {2019},
  month = jan,
  publisher = {American Chemical Society ({ACS})},
  volume = {52},
  number = {2},
  pages = {504--512},
  author = {Zhongyang Xing and Christopher Ness and Daan Frenkel and Erika Eiser},
  title = {Structural and Linear Elastic Properties of {DNA} Hydrogels by Coarse-Grained Simulation},
  journal = {Macromolecules}
}