@article{Eppenga1984,
	doi = {10.1080/00268978400101951},
	url = {https://doi.org/10.1080/00268978400101951},
	year = {1984},
	month = aug,
	publisher = {Informa {UK} Limited},
	volume = {52},
	number = {6},
	pages = {1303--1334},
	author = {R. Eppenga and D. Frenkel},
	title = {Monte Carlo study of the isotropic and nematic phases of infinitely thin hard platelets},
	journal = {Molecular Physics}
}