@article{Xing2019,
  doi = {10.1021/acs.macromol.8b01948},
  url = {https://doi.org/10.1021/acs.macromol.8b01948},
  year = {2019},
  month = jan,
  publisher = {American Chemical Society ({ACS})},
  volume = {52},
  number = {2},
  pages = {504--512},
  author = {Zhongyang Xing and Christopher Ness and Daan Frenkel and Erika Eiser},
  title = {Structural and Linear Elastic Properties of {DNA} Hydrogels by Coarse-Grained Simulation},
  journal = {Macromolecules}
}

@article{Plimpton1995,
	doi = {10.1006/jcph.1995.1039},
	url = {https://doi.org/10.1006/jcph.1995.1039},
	year = {1995},
	month = mar,
	publisher = {Elsevier {BV}},
	volume = {117},
	number = {1},
	pages = {1--19},
	author = {Steve Plimpton},
	title = {Fast Parallel Algorithms for Short-Range Molecular Dynamics},
	journal = {Journal of Computational Physics}
}

@online{LAMMPS,
	title = {Large-scale Atomic/Molecular Massively Parallel Simulator},
	year = {2020},
	month = mar,
	url = {http://lammps.sandia.gov},
	organization = {Sandia National Labs},
}

@article{Kato2007,
	doi = {10.1039/b612546h},
	url = {https://doi.org/10.1039/b612546h},
	year = {2007},
	publisher = {Royal Society of Chemistry ({RSC})},
	volume = {36},
	number = {12},
	pages = {1857},
	author = {Takashi Kato and Yuki Hirai and Suguru Nakaso and Masaya Moriyama},
	title = {Liquid-crystalline physical gels},
	journal = {Chemical Society Reviews}
}

@article{Reinitzer1888,
	doi = {10.1007/bf01516710},
	url = {https://doi.org/10.1007/bf01516710},
	year = {1888},
	month = dec,
	publisher = {Springer Science and Business Media {LLC}},
	volume = {9},
	number = {1},
	pages = {421--441},
	author = {Friedrich Reinitzer},
	title = {Beitr\"{a}ge zur Kenntniss des Cholesterins},
	journal = {Monatshefte f\"{u}r Chemie - Chemical Monthly}
}
@article{Friedel1922,
	doi = {10.1051/anphys/192209180273},
	url = {https://doi.org/10.1051/anphys/192209180273},
	year = {1922},
	publisher = {{EDP} Sciences},
	volume = {9},
	number = {18},
	pages = {273--474},
	author = {G. Friedel},
	title = {Les {\'{e}}tats m{\'{e}}somorphes de la mati{\`{e}}re},
	journal = {Annales de Physique}
}

@book{Gray1962,
	title={Molecular Structure and the Properties of Liquid Crystals},
	author={Gray, G.W.},
	lccn={61018803},
	url={https://books.google.co.uk/books?id=KUZRAAAAMAAJ},
	year={1962},
	publisher={Academic Press}
}

@article{Heilmeier1969,
	doi = {10.1080/15421406908084910},
	url = {https://doi.org/10.1080/15421406908084910},
	year = {1969},
	month = jun,
	publisher = {Informa {UK} Limited},
	volume = {8},
	number = {1},
	pages = {293--304},
	author = {George H. Heilmeier and Joseph A. Castellano and Louis A. Zanoni},
	title = {Guest-Host Interactions in Nematic Liquid Crystals},
	journal = {Molecular Crystals}
}

@article{Heilmeier1968,
	doi = {10.1109/proc.1968.6513},
	url = {https://doi.org/10.1109/proc.1968.6513},
	year = {1968},
	publisher = {Institute of Electrical and Electronics Engineers ({IEEE})},
	volume = {56},
	number = {7},
	pages = {1162--1171},
	author = {G.H. Heilmeier and L.A. Zanoni and L.A. Barton},
	title = {Dynamic scattering: A new electrooptic effect in certain classes of nematic liquid crystals},
	journal = {Proceedings of the {IEEE}}
}

@article{deGennes1992,
	doi = {10.1002/anie.199208421},
	url = {https://doi.org/10.1002/anie.199208421},
	year = {1992},
	month = jul,
	publisher = {Wiley},
	volume = {31},
	number = {7},
	pages = {842--845},
	author = {Pierre-Gilles de Gennes},
	title = {Soft Matter (Nobel Lecture)},
	journal = {Angewandte Chemie International Edition in English}
}

@article{Chandrasekhar1977,
	doi = {10.1007/bf02846252},
	url = {https://doi.org/10.1007/bf02846252},
	year = {1977},
	month = nov,
	publisher = {Springer Science and Business Media {LLC}},
	volume = {9},
	number = {5},
	pages = {471--480},
	author = {S Chandrasekhar and B K Sadashiva and K A Suresh},
	title = {Liquid crystals of disc-like molecules},
	journal = {Pramana}
}

@article{LinLei1988,
	doi = {10.1080/00268948808070393},
	url = {https://doi.org/10.1080/00268948808070393},
	year = {1988},
	month = feb,
	publisher = {Informa {UK} Limited},
	volume = {155},
	number = {1},
	pages = {531--538},
	author = {L. Lam (Lin Lei)},
	title = {Bowlic and Polar Liquid Crystal Polymers},
	journal = {Molecular Crystals and Liquid Crystals Incorporating Nonlinear Optics}
}

@article{Zimmermann1985,
	doi = {10.1515/zna-1985-0208},
	url = {https://doi.org/10.1515/zna-1985-0208},
	year = {1985},
	month = feb,
	publisher = {Walter de Gruyter {GmbH}},
	volume = {40},
	number = {2},
	pages = {149--160},
	author = {H. Zimmermann and R. Poupko and Z. Luz and J. Billard},
	title = {Pyramidic Mesophases},
	journal = {Zeitschrift f\"{u}r Naturforschung A}
}

@article{Malthete1985,
	year = {1985},
	month = mar,
	volume = {9},
	issue = {3},
	pages = {151--153},
	author = {J. Malthete and A Collet},
	journal = {New Journal of Chemistry  (NJC)},
	title = {Liquid crystals with a cone-shaped cyclotriveratrylene core}
}

@book{DeGennes1993,
	title={The Physics of Liquid Crystals},
	author={de Gennes, P.G. and Prost, J.},
	isbn={9780198517856},
	lccn={93009154},
	series={International Series of Monogr},
	url={https://books.google.co.uk/books?id=0Nw-dzWz5agC},
	year={1993},
	publisher={Clarendon Press}
}

@article{Stewart1966,
	doi = {10.1080/15421406608083293},
	url = {https://doi.org/10.1080/15421406608083293},
	year = {1966},
	month = jan,
	publisher = {Informa {UK} Limited},
	volume = {1},
	number = {4},
	pages = {563--580},
	author = {Gordon T. Stewart},
	title = {Liquid Crystals in Biological Systems},
	journal = {Molecular Crystals}
}

@article{Zhao2019,
	doi = {10.1002/smll.201900019},
	url = {https://doi.org/10.1002/smll.201900019},
	year = {2019},
	month = mar,
	publisher = {Wiley},
	volume = {15},
	number = {18},
	pages = {1900019},
	author = {Jianguo Zhao and Utku Gulan and Takafumi Horie and Naoto Ohmura and Jun Han and Chao Yang and Jie Kong and Steven Wang and Ben Bin Xu},
	title = {Advances in Biological Liquid Crystals},
	journal = {Small}
}

@article{Luzzati1959,
	doi = {10.1016/s0022-2836(59)80041-3},
	url = {https://doi.org/10.1016/s0022-2836(59)80041-3},
	year = {1959},
	month = jun,
	publisher = {Elsevier {BV}},
	volume = {1},
	number = {2},
	pages = {127--IN5},
	author = {V. Luzzati and A. Nicolaieff},
	title = {Etude par diffusion des rayons X aux petits angles des gels d'acide d{\'{e}}soxyribonucl{\'{e}}ique et de nucl{\'{e}}oprot{\'{e}}ines : (note pr{\'{e}}liminaire)},
	journal = {Journal of Molecular Biology}
}

@article{Robinson1961,
	doi = {10.1016/s0040-4020(01)92215-x},
	url = {https://doi.org/10.1016/s0040-4020(01)92215-x},
	year = {1961},
	month = jan,
	publisher = {Elsevier {BV}},
	volume = {13},
	number = {1-3},
	pages = {219--234},
	author = {Conmar Robinson},
	title = {Liquid-crystalline structures in polypeptide solutions},
	journal = {Tetrahedron}
}

@article{Rey2013,
	doi = {10.1080/02678292.2013.845698},
	url = {https://doi.org/10.1080/02678292.2013.845698},
	year = {2013},
	month = oct,
	publisher = {Informa {UK} Limited},
	volume = {41},
	number = {3},
	pages = {430--451},
	author = {Alejandro D. Rey and E.E. Herrera-Valencia and Yogesh Kumar Murugesan},
	title = {Structure and dynamics of biological liquid crystals},
	journal = {Liquid Crystals}
}

@article{Nummelin2018,
	doi = {10.1002/adma.201703721},
	url = {https://doi.org/10.1002/adma.201703721},
	year = {2018},
	month = jan,
	publisher = {Wiley},
	volume = {30},
	number = {24},
	pages = {1703721},
	author = {Sami Nummelin and Juhana Kommeri and Mauri A. Kostiainen and Veikko Linko},
	title = {Evolution of Structural {DNA} Nanotechnology},
	journal = {Advanced Materials}
}

@article{Praetorius2017,
	doi = {10.1038/nature24650},
	url = {https://doi.org/10.1038/nature24650},
	year = {2017},
	month = dec,
	publisher = {Springer Science and Business Media {LLC}},
	volume = {552},
	number = {7683},
	pages = {84--87},
	author = {Florian Praetorius and Benjamin Kick and Karl L. Behler and Maximilian N. Honemann and Dirk Weuster-Botz and Hendrik Dietz},
	title = {Biotechnological mass production of {DNA} origami},
	journal = {Nature}
}

@article{Bathe2017,
	doi = {10.1557/mrs.2017.279},
	url = {https://doi.org/10.1557/mrs.2017.279},
	year = {2017},
	month = dec,
	publisher = {Cambridge University Press ({CUP})},
	volume = {42},
	number = {12},
	pages = {882--888},
	author = {Mark Bathe and Paul W.K. Rothemund},
	title = {{DNA} Nanotechnology: A foundation for Programmable Nanoscale Materials},
	journal = {{MRS} Bulletin}
}

@article{Strzelecka1988,
	doi = {10.1038/331457a0},
	url = {https://doi.org/10.1038/331457a0},
	year = {1988},
	month = feb,
	publisher = {Springer Science and Business Media {LLC}},
	volume = {331},
	number = {6155},
	pages = {457--460},
	author = {Teresa E. Strzelecka and Michael W. Davidson and Randolph L. Rill},
	title = {Multiple liquid crystal phases of {DNA} at high concentrations},
	journal = {Nature}
}

@book{Doi1988,
	title={The Theory of Polymer Dynamics},
	author={Doi, M. and Edwards, S.F. and Edwards, S.F.},
	isbn={9780198520337},
	lccn={85029854},
	series={Comparative Pathobiology - Studies in the Postmodern Theory of Education},
	url={https://books.google.co.uk/books?id=dMzGyWs3GKcC},
	year={1988},
	publisher={Clarendon Press},
	chapter={10},
	pages = {351--358}
}

@article{Onsager1949,
	doi = {10.1111/j.1749-6632.1949.tb27296.x},
	url = {https://doi.org/10.1111/j.1749-6632.1949.tb27296.x},
	year = {1949},
	month = may,
	publisher = {Wiley},
	volume = {51},
	number = {4},
	pages = {627--659},
	author = {Lars Onsager},
	title = {The Effects of Shape on the Interaction of Colloidal Particles},
	journal = {Annals of the New York Academy of Sciences}
}

@article{Bolhuis1997,
	doi = {10.1063/1.473404},
	url = {https://doi.org/10.1063/1.473404},
	year = {1997},
	month = jan,
	publisher = {{AIP} Publishing},
	volume = {106},
	number = {2},
	pages = {666--687},
	author = {Peter Bolhuis and Daan Frenkel},
	title = {Tracing the phase boundaries of hard spherocylinders},
	journal = {The Journal of Chemical Physics}
}

@article{Nakata2007,
	doi = {10.1126/science.1143826},
	url = {https://doi.org/10.1126/science.1143826},
	year = {2007},
	month = nov,
	publisher = {American Association for the Advancement of Science ({AAAS})},
	volume = {318},
	number = {5854},
	pages = {1276--1279},
	author = {M. Nakata and G. Zanchetta and B. D. Chapman and C. D. Jones and J. O. Cross and R. Pindak and T. Bellini and N. A. Clark},
	title = {End-to-End Stacking and Liquid Crystal Condensation of 6- to 20-Base Pair {DNA} Duplexes},
	journal = {Science}
}

@article{Zanchetta2008,
	doi = {10.1073/pnas.0711319105},
	url = {https://doi.org/10.1073/pnas.0711319105},
	year = {2008},
	month = jan,
	publisher = {Proceedings of the National Academy of Sciences},
	volume = {105},
	number = {4},
	pages = {1111--1117},
	author = {G. Zanchetta and M. Nakata and M. Buscaglia and T. Bellini and N. A. Clark},
	title = {Phase separation and liquid crystallization of complementary sequences in mixtures of {nanoDNA} oligomers},
	journal = {Proceedings of the National Academy of Sciences}
}

@article{Inglfsson2013,
	doi = {10.1002/wcms.1169},
	url = {https://doi.org/10.1002/wcms.1169},
	year = {2013},
	month = aug,
	publisher = {Wiley},
	volume = {4},
	number = {3},
	pages = {225--248},
	author = {Helgi I. Ing{\'{o}}lfsson and Cesar A. Lopez and Jaakko J. Uusitalo and Djurre H. de Jong and Srinivasa M. Gopal and Xavier Periole and Siewert J. Marrink},
	title = {The power of coarse graining in biomolecular simulations},
	journal = {Wiley Interdisciplinary Reviews: Computational Molecular Science}
}

@article{Potoyan2012,
	doi = {10.1002/wcms.1114},
	url = {https://doi.org/10.1002/wcms.1114},
	year = {2012},
	month = aug,
	publisher = {Wiley},
	volume = {3},
	number = {1},
	pages = {69--83},
	author = {Davit A. Potoyan and Alexey Savelyev and Garegin A. Papoian},
	title = {Recent successes in coarse-grained modeling of {DNA}},
	journal = {Wiley Interdisciplinary Reviews: Computational Molecular Science}
}

@article{MacKerell1995,
	doi = {10.1021/ja00153a017},
	url = {https://doi.org/10.1021/ja00153a017},
	year = {1995},
	month = dec,
	publisher = {American Chemical Society ({ACS})},
	volume = {117},
	number = {48},
	pages = {11946--11975},
	author = {Alexander D. MacKerell and Joanna Wiorkiewicz-Kuczera and Martin Karplus},
	title = {An all-atom empirical energy function for the simulation of nucleic acids},
	journal = {Journal of the American Chemical Society}
}

@article{SalomonFerrer2012,
	doi = {10.1002/wcms.1121},
	url = {https://doi.org/10.1002/wcms.1121},
	year = {2012},
	month = sep,
	publisher = {Wiley},
	volume = {3},
	number = {2},
	pages = {198--210},
	author = {Romelia Salomon-Ferrer and David A. Case and Ross C. Walker},
	title = {An overview of the Amber biomolecular simulation package},
	journal = {Wiley Interdisciplinary Reviews: Computational Molecular Science}
}

@article{Cheatham2004,
	doi = {10.1016/j.sbi.2004.05.001},
	url = {https://doi.org/10.1016/j.sbi.2004.05.001},
	year = {2004},
	month = jun,
	publisher = {Elsevier {BV}},
	volume = {14},
	number = {3},
	pages = {360--367},
	author = {Thomas E Cheatham},
	title = {Simulation and modelling of nucleic acid structure, dynamics and interactions},
	journal = {Current Opinion in Structural Biology}
}

@article{Michieletto2016,
	url = {https://doi.org/10.1103/physrevx.6.041047},
	year = {2016},
	month = dec,
	publisher = {American Physical Society ({APS})},
	volume = {6},
	number = {4},
	author = {D. Michieletto and E. Orlandini and D. Marenduzzo},
	title = {Polymer model with Epigenetic Recoloring Reveals a Pathway for the de novo	Establishment and {3D} Organization of Chromatin Domains},
	journal = {Physical Review X}
}

@article{Salamonczyk2016,
	url = {https://doi.org/10.1038/ncomms13358},
	year = {2016},
	month = nov,
	publisher = {Springer Science and Business Media {LLC}},
	volume = {7},
	number = {1},
	author = {Miroslaw Salamonczyk and Jing Zhang and Giuseppe Portale and Chenhui Zhu and Emmanuel Kentzinger and James T. Gleeson and Antal Jakli and Cristiano De Michele and Jan K. G. Dhont and Samuel Sprunt and Emmanuel Stiakakis},
	title = {Smectic phase in suspensions of gapped {DNA} duplexes},
	journal = {Nature Communications}
}

@article{dePablo2011,
	doi = {10.1146/annurev-physchem-032210-103458},
	url = {https://doi.org/10.1146/annurev-physchem-032210-103458},
	year = {2011},
	month = may,
	publisher = {Annual Reviews},
	volume = {62},
	number = {1},
	pages = {555--574},
	author = {Juan J. de Pablo},
	title = {Coarse-Grained Simulations of Macromolecules: From {DNA} to Nanocomposites},
	journal = {Annual Review of Physical Chemistry}
}

@article{OxDNA,
	author = {Petr \v{S}ulc and Flavio Romano and Thomas E. Ouldridge and Lorenzo Rovigatti and Jonathan P. K. Doye and Ard A. Louis},
	title = {Sequence-dependent thermodynamics of a coarse-grained {DNA} model},
	publisher = {AIP},
	year = {2012},
	journal = {The Journal of Chemical Physics},
	volume = {137},
	number = {13},
	eid = {135101},
	numpages = {14},
	pages = {135101},
	keywords = {biology computing; DNA; melting point; molecular biophysics; molecular configurations; thermodynamics},
	url = {http://link.aip.org/link/?JCP/137/135101/1},
	doi = {10.1063/1.4754132}
}

@article{Arnott1980,
	doi = {10.1038/283743a0},
	url = {https://doi.org/10.1038/283743a0},
	year = {1980},
	month = feb,
	publisher = {Springer Science and Business Media {LLC}},
	volume = {283},
	number = {5749},
	pages = {743--745},
	author = {Struther Arnott and Rengaswami Chandrasekaran and D. L. Birdsall and A. G. W. Leslie and R. L. Ratliff},
	title = {Left-handed {DNA} helices},
	journal = {Nature}
}

@article{Garcia2007,
	doi = {10.1002/bip.20627},
	url = {https://doi.org/10.1002/bip.20627},
	year = {2007},
	publisher = {Wiley},
	volume = {85},
	number = {2},
	pages = {115--130},
	author = {Hernan G. Garcia and Paul Grayson and Lin Han and Mandar Inamdar and Jan{\'{e}} Kondev and Philip C. Nelson and Rob Phillips and Jonathan Widom and Paul A. Wiggins},
	title = {Biological consequences of tightly bent {DNA}: The other life of a macromolecular celebrity},
	journal = {Biopolymers}
}

@article{Ovito,
	doi = {10.1088/0965-0393/18/1/015012},
	url = {https://doi.org/10.1088/0965-0393/18/1/015012},
	year = {2009},
	month = dec,
	publisher = {{IOP} Publishing},
	volume = {18},
	number = {1},
	pages = {015012},
	author = {Alexander Stukowski},
	title = {Visualization and analysis of atomistic simulation data with {OVITO}{\textendash}the Open Visualization Tool},
	journal = {Modelling and Simulation in Materials Science and Engineering}
}

@article{Shinoda2004,
	doi = {10.1103/physrevb.69.134103},
	url = {https://doi.org/10.1103/physrevb.69.134103},
	year = {2004},
	month = apr,
	publisher = {American Physical Society ({APS})},
	volume = {69},
	number = {13},
	author = {Wataru Shinoda and Motoyuki Shiga and Masuhiro Mikami},
	title = {Rapid estimation of elastic constants by molecular dynamics simulation under constant stress},
	journal = {Physical Review B}
}

@book{Rapaport2004,
	doi = {10.1017/cbo9780511816581},
	url = {https://doi.org/10.1017/cbo9780511816581},
	year = {2004},
	month = apr,
	publisher = {Cambridge University Press},
	author = {D. C. Rapaport},
	title = {The Art of Molecular Dynamics Simulation},
	pages = {13--15},
}

@article{Jones1924b,
	doi = {10.1098/rspa.1924.0082},
	author = {J. E. Jones},
	url = {https://doi.org/10.1098/rspa.1924.0082},
	year = {1924},
	month = oct,
	publisher = {The Royal Society},
	volume = {106},
	number = {738},
	pages = {463--477},
	title = {On the determination of molecular fields. {\textemdash} {II}. {From} the equation of state of a gas},
	journal = {Proceedings of the Royal Society of London. Series A,  Containing Papers of a Mathematical and Physical Character}
}

@article{Jones1924a,
	doi = {10.1098/rspa.1924.0081},
	author = {J. E. Jones},
	url = {https://doi.org/10.1098/rspa.1924.0081},
	year = {1924},
	month = oct,
	publisher = {The Royal Society},
	volume = {106},
	number = {738},
	pages = {441--462},
	title = {On the determination of molecular fields.{\textemdash} {I}. {From} the variation of the viscosity of a gas with temperature},
	journal = {Proceedings of the Royal Society of London. Series A,  Containing Papers of a Mathematical and Physical Character}
}

@article{Stephan2019,
	doi = {10.1021/acs.jcim.9b00620},
	url = {https://doi.org/10.1021/acs.jcim.9b00620},
	year = {2019},
	month = oct,
	publisher = {American Chemical Society ({ACS})},
	volume = {59},
	number = {10},
	pages = {4248--4265},
	author = {Simon Stephan and Monika Thol and Jadran Vrabec and Hans Hasse},
	title = {Thermophysical Properties of the {Lennard-Jones} Fluid: Database and Data Assessment},
	journal = {Journal of Chemical Information and Modeling}
}

@article{Stephan2020,
	doi = {10.1016/j.fluid.2020.112772},
	url = {https://doi.org/10.1016/j.fluid.2020.112772},
	year = {2020},
	month = nov,
	publisher = {Elsevier {BV}},
	volume = {523},
	pages = {112772},
	author = {Simon Stephan and Jens Staubach and Hans Hasse},
	title = {Review and comparison of equations of state for the {Lennard-Jones} fluid},
	journal = {Fluid Phase Equilibria}
}

@article{Smit1991,
	doi = {10.1063/1.460477},
	url = {https://doi.org/10.1063/1.460477},
	year = {1991},
	month = apr,
	publisher = {{AIP} Publishing},
	volume = {94},
	number = {8},
	pages = {5663--5668},
	author = {B. Smit and D. Frenkel},
	title = {Vapor{\textendash}liquid equilibria of the two-dimensional Lennard-Jones fluid(s)},
	journal = {The Journal of Chemical Physics}
}

@article{Shaul2010,
	doi = {10.1135/cccc2009113},
	url = {https://doi.org/10.1135/cccc2009113},
	year = {2010},
	publisher = {Institute of Organic Chemistry {\&} Biochemistry},
	volume = {75},
	number = {4},
	pages = {447--462},
	author = {Katherine R. S. Shaul and Andrew J. Schultz and David A. Kofke},
	title = {The effect of truncation and shift on virial coefficients of Lennard{\textendash}Jones potentials},
	journal = {Collection of Czechoslovak Chemical Communications}
}

@article{Paolini1993,
	doi = {10.1080/00268979300102271},
	url = {https://doi.org/10.1080/00268979300102271},
	year = {1993},
	month = oct,
	publisher = {Informa {UK} Limited},
	volume = {80},
	number = {2},
	pages = {297--312},
	author = {Gaia Valeria Paolini and Giovanni Ciccotti and Mauro Ferrario},
	title = {Simulation of site-site soft-core liquid crystal models},
	journal = {Molecular Physics}
}

@article{Hughes2008,
	doi = {10.1016/j.cpc.2008.01.047},
	url = {https://doi.org/10.1016/j.cpc.2008.01.047},
	year = {2008},
	month = may,
	publisher = {Elsevier {BV}},
	volume = {178},
	number = {10},
	pages = {724--731},
	author = {Zak E. Hughes and Lorna M. Stimson and Henk Slim and Juho S. Lintuvuori and Jaroslav M. Ilnytskyi and Mark R. Wilson},
	title = {An investigation of soft-core potentials for the simulation of mesogenic molecules and molecules composed of rigid and flexible segments},
	journal = {Computer Physics Communications}
}